<?xml version="1.0" encoding="UTF-8"?><collection xmlns="http://www.loc.gov/MARC21/slim"><record><leader>00358nam--2200121-i-4500</leader><controlfield tag="001">000018416</controlfield><controlfield tag="002">20161230</controlfield><controlfield tag="005">20161230201032</controlfield><controlfield tag="008">060222s1000------------r-----000-0-eng-d</controlfield><datafield ind1=" " ind2=" " tag="080"><subfield code="a">030.1=30:62(038)=30</subfield></datafield><datafield ind1=" " ind2=" " tag="245"><subfield code="a">Epoche atom und automation. enzyklopadie des technischen jahrhunderts</subfield></datafield><datafield ind1=" " ind2=" " tag="260"><subfield code="a">Frankfurt/Main, Wilhelm Limoert-verlag, 1958- 60</subfield></datafield><datafield ind1=" " ind2=" " tag="852"><subfield code="a">D.198</subfield></datafield></record></collection>